@online{TRESOR,
    title = {Tresor Projekt - About},
    author = {Universität Hamburg},
    year  = 2022,
    urldate={2024-02-28},
    url={https://tresor-projekt.de/about/}
}
@misc{chaum1983blind,
  title={Blind signatures for untraceable payments},
  author={Chaum, D},
  year={1983},
  publisher={Plenum Press}
}
@inproceedings{petrlic2014privacy,
  title={Privacy-preserving reputation management},
  author={Petrlic, Ronald and Lutters, Sascha and Sorge, Christoph},
  booktitle={Proceedings of the 29th Annual ACM Symposium on Applied Computing},
  pages={1712--1718},
  year={2014}
}
@inproceedings{gnu-burdges2016enabling,
  title={Enabling secure web payments with GNU Taler},
  author={Burdges, Jeffrey and Dold, Florian and Grothoff, Christian and Stanisci, Marcello},
  booktitle={Security, Privacy, and Applied Cryptography Engineering: 6th International Conference, SPACE 2016, Hyderabad, India, December 14-18, 2016, Proceedings 6},
  pages={251--270},
  year={2016},
  organization={Springer}
}
@article{btc-nakamoto2008bitcoin,
  title={Bitcoin: A peer-to-peer electronic cash system},
  author={Nakamoto, Satoshi},
  journal={Decentralized business review},
  year={2008}
}
@online{googlead,
    title={Alphabet, Werbeumsätze von Google in den Jahren 2001 bis 2023},
    author={Alphabet; Google},
    year=2024,
    urldate={2024-03-27},
    url={https://de.statista.com/statistik/daten/studie/75188/umfrage/werbeumsatz-von-google-seit-2001/}
}
@online{facebookad,
    title={Umsatz von Facebook weltweit nach Segmenten in den Jahren von 2009 bis 2023},
    author={Facebook},
    year=2024,
    urldate={2024-03-27},
    url={https://de.statista.com/statistik/daten/studie/151159/umfrage/umsatz-von-facebook-in-2009-nach-segmenten/}
}
@article{dt-bundesregierung2021datenstrategie,
  title={Datenstrategie der Bundesregierung},
  author={Bundesregierung, Die},
  journal={Die Bundesregierung, Berlin},
  year={2021}
}
@book{dt-falck2020rohstoff,
  title={Rohstoff" Daten": Volkswirtschaftlicher Nutzen von Datenbereitstellung-eine Bestandsaufnahme},
  author={Falck, Oliver and Koenen, Johannes},
  number={113},
  year={2020},
  publisher={ifo Forschungsberichte}
}
@online{dt-hardinges2018data,
    title={What is a data trust?},
    author={Jack Hardinges},
    year={2018},
    urldate={2024-04-15},
    url={https://theodi.org/insights/explainers/what-is-a-data-trust/?saved#cookies-form}
}
@misc{dt-kuhling2021datentreuhander,
  title={Datentreuh{\"a}nder},
  author={K{\"u}hling, J{\"u}rgen and Buchner, Benedikt},
  journal={Datenschutz und Datensicherheit-DuD},
  volume={45},
  pages={777--777},
  year={2021},
  publisher={Springer}
}
@book{dt-lindner2021datentreuhänderschaft,
    author = {Maximilian Lindner, Sebastian Straub},
    title = {DATENTREUHÄNDERSCHAFT STATUS QUO UND ENTWICKLUNGSPERSPEKTIVEN},
    publisher = {Institut für Innovation und Technik (iit) in der VDI / VDE Innovation + Technik GmbH},
    year = {2021}
}
@article{dt-blankertz2021regulierung,
  title={Wie eine Regulierung f{\"u}r Datentreuh{\"a}nder aussehen sollte},
  author={Blankertz, Aline and Specht, Louisa},
  journal={Policy-Brief. Juli. Berlin: Stiftung Neue Verantwortung eV https://www.stiftung-nv.de/sites/default/files/regulierung\_fuer\_datentreuhaender.pdf},
  year={2021}
}
@article{dt-blankertz2020datentreuhandmodelle,
  title={Datentreuhandmodelle-Themenpapier},
  author={Blankertz, Aline and Braunm{\"u}hl, Patrick von and Kuzev, Pencho and Richter, Frederick and Richter, Heiko and Schallbruch, Martin},
  year={2020}
}
@article{dt-blankertz2021neue,
  title={Neue Modelle erm{\"o}glichen},
  author={BLANKERTZ, ALINE and SPECHT-RIEMENSCHNEIDER, DR LOUISA},
  year={2021}
}
@article{dt-fedkenhauer2017datenaustausch,
  title={Datenaustausch als wesentlicher Bestandteil der Digitalisierung},
  author={Fedkenhauer, Thomas and Fritzsche-Sterr, Yvonne and Nagel, Lars and Pauer, Angelika and Resetko, Aleksei},
  journal={URL: https://www. pwc. de/de/digitale-transformation/studie-datenaustauschdigitalisierung. pdf [Stand: 27.04. 2020]},
  year={2017}
}
@online{dt-beeck2013treuhandschaft,
    author = {Prof. Dr. Volker Beeck, Prof. Dr. Thilo Seyfriedt, Malte Stöfen},
    title = {Treuhandschaft},
    publisher = {Springer-Verlag},
    year = {2013},
    url = {https://wirtschaftslexikon.gabler.de/definition/treuhandschaft-47435/version-270699},
    urldate = {2024-04-22}
}
@online{dt-richter2020ddvtalk,
    author = {Frederik Richter},
    title = {DDV-Webtalk Datentreuhänder - Modelle},
    url = {https://youtu.be/10UbvTOrjiM?si=bg-4xdCNRH9b93-D},
    urldate = {2024-05-03}
}
@online{dt-bundesdruckereiDatentreuhänder,
    title = {Datenblatt-Datentreuhaender},
    author = {Bunderdruckerei},
    url = {https://www.bundesdruckerei-gmbh.de/files/dokumente/pdf/datenblatt-datentreuhaender.pdf},
    urldate = {2024-05-03}
}
@online{ecc-cloud2013elliptic,
    title={A (Relatively Easy To Understand) Primer on Elliptic Curve Cryptography},
    author={Nick Sullivan},
    year={2013},
    url={https://blog.cloudflare.com/a-relatively-easy-to-understand-primer-on-elliptic-curve-cryptography},
    urldate={2024-06-17}
}
@inproceedings{ecc-miller1985use,
  title={Use of elliptic curves in cryptography},
  author={Miller, Victor S},
  booktitle={Conference on the theory and application of cryptographic techniques},
  pages={417--426},
  year={1985},
  organization={Springer}
}
@online{ecc-rsa_amount,
    title={RSA is dead - We Just Haven’t Accepted It Yet},
    author={Lila Kee},
    year=2021,
    url={https://www.forbes.com/sites/forbestechcouncil/2021/05/06/rsa-is-dead---we-just-haventaccepted-ityet/},
    urldate={2024-06-24}
}
@misc{ecc-aradi2016einfuhrung,
  title={Einf{\"u}hrung in die Gruppentheorie},
  author={Aradi, B{\'a}lint},
  year={2016},
  publisher={Vorlesungsskript ()}
}
@book{ecc-bogopolskij2008introduction,
  title={Introduction to group theory},
  author={Bogopolskij, Oleg Vladimirovi{\v{c}}},
  volume={6},
  year={2008},
  publisher={European Mathematical Society}
}
@online{ecc-green2013backdoor,
    author = {Matthew Green},
    title = {The Many Flaws of Dual\_EC\_DRBG},
    year = 2013,
    url = {https://blog.cryptographyengineering.com/2013/09/18/the-many-flaws-of-dualecdrbg/},
    urldate = {2024-07-10}
}
@inproceedings{ecc-bernstein2006curve25519,
  title={Curve25519: new Diffie-Hellman speed records},
  author={Bernstein, Daniel J},
  booktitle={Public Key Cryptography-PKC 2006: 9th International Conference on Theory and Practice in Public-Key Cryptography, New York, NY, USA, April 24-26, 2006. Proceedings 9},
  pages={207--228},
  year={2006},
  organization={Springer}
}
@techreport{ecc-lochter2010elliptic,
  title={Elliptic curve cryptography (ECC) brainpool standard curves and curve generation},
  author={Lochter, Manfred and Merkle, Johannes},
  year={2010},
  institution={Independent Submission}
}@techreport{ecc-merkle2013elliptic,
  title={Elliptic curve cryptography (ECC) brainpool curves for transport layer security (TLS)},
  author={Merkle, Johannes and Lochter, Manfred},
  year={2013},
  institution={Internet Engineering Task Force (IETF)}
}
@article{ecc-mahto2018performance,
  title={Performance analysis of RSA and elliptic curve cryptography.},
  author={Mahto, Dindayal and Yadav, Dilip Kumar},
  journal={Int. J. Netw. Secur.},
  volume={20},
  number={4},
  pages={625--635},
  year={2018}
}
@inproceedings{ecc-bao2022research,
  title={Research on the security of elliptic curve cryptography},
  author={Bao, Jiaxu},
  booktitle={2022 7th International Conference on Social Sciences and Economic Development (ICSSED 2022)},
  pages={984--988},
  year={2022},
  organization={Atlantis Press}
}
@article{ecc-gupta2011ecc,
  title={Ecc over rsa for asymmetric encryption: A review},
  author={Gupta, Kamlesh and Silakari, Sanjay},
  journal={International Journal of Computer Science Issues (IJCSI)},
  volume={8},
  number={3},
  pages={370},
  year={2011},
  publisher={Citeseer}
}
@online{dt-digitalisierung-stat,
    title={Anzahl der Internetnutzer in Deutschland in den Jahren 1997 bis 2023},
    author={ARD; ZDF},
    year={2023},
    url={https://de.statista.com/statistik/daten/studie/36146/umfrage/anzahl-der-internetnutzer-in-deutschland-seit-1997/},
    urldate={2024-08-07}
}
@online{dt-googlemaps-staus,
    author = {handysektor.de},
    title = {Geheimnis Staumelder: Wie funktioniert eigentlich Google Maps?},
    url={https://www.handysektor.de/artikel/geheimnis-staumelder-wie-funktioniert-eigentlich-google-maps},
    urldate={2024-08-07},
    year = {2017}
}
@online{pp-cdn,
    title={Was ist ein CDN (Content Delivery Network)?},
    author={akamai},
    url={https://www.akamai.com/de/glossary/what-is-a-cdn#:~:text=Bei%20einem%20CDN%20handelt%20es,die%20auf%20die%20Inhalte%20zugreifen.},
    urldate={2024-08-21}
}
@inproceedings{abe2000provably,
  title={Provably secure partially blind signatures},
  author={Abe, Masayuki and Okamoto, Tatsuaki},
  booktitle={Advances in Cryptology—CRYPTO 2000: 20th Annual International Cryptology Conference Santa Barbara, California, USA, August 20--24, 2000 Proceedings 20},
  pages={271--286},
  year={2000},
  organization={Springer}
}
@article{pp-davidson2018privacy,
  title={Privacy pass: Bypassing internet challenges anonymously},
  author={Davidson, Alex and Goldberg, Ian and Sullivan, Nick and Tankersley, George and Valsorda, Filippo},
  journal={Proceedings on Privacy Enhancing Technologies},
  year={2018}
}
@online{gnu-bitcoin2023teuern,
    author={DER SPIEGEL},
    title={NRW ermittelt gegen Nutzer von Kryptoplattformen},
    url={https://www.spiegel.de/panorama/nordrhein-westfalen-steuerermittlungen-gegen-nutzer-von-kryptowaehrungs-plattformen-a-14f68845-d9b7-44b8-832f-a120e74b6fe5},
    urldate={2024-08-30}
}
@online{dt-tresor24study,
    title={Ergebnisse der Nutzerstudie zur Anforderungsdefinition},
    author={TRESOR},
    year={2024},
    url={https://tresor-projekt.de/news/user-study-results/},
    urldate={2024-08-30}
}
@article{dt-jai2016privacy,
  title={Privacy versus reward: Do loyalty programs increase consumers' willingness to share personal information with third-party advertisers and data brokers?},
  author={Jai, Tun-Min Catherine and King, Nancy J},
  journal={Journal of Retailing and Consumer Services},
  volume={28},
  pages={296--303},
  year={2016},
  publisher={Elsevier}
}
@article{dt-schudy2017you,
  title={‘You must not know about me’—On the willingness to share personal data},
  author={Schudy, Simeon and Utikal, Verena},
  journal={Journal of Economic Behavior \& Organization},
  volume={141},
  pages={1--13},
  year={2017},
  publisher={Elsevier}
}
@online{btc-beginnerGuide,
  title={What is Bitcoin? Complete Beginner's Guide [2024]},
  author={Peter Schöllauf},
  year={2024},
  url={https://www.blockpit.io/blog/what-is-bitcoin},
  urldate={2024-09-12}
}
@online{btc-blocksToConfirm,
  title={What is a cryptocurrency transaction blockchain confirmation?},
  url={https://www.bitcoin.com/get-started/what-is-a-confirmation},
  urldate={2024-09-12}
}
@misc{btc-energyConsumption,
  author = {Digiconomist},
  howpublished = {Graph},
  title = {Bitcoin average energy consumption per transaction compared to that of VISA as of May 1, 2023},
  year = {2023},
  url={https://www.statista.com/statistics/881541/bitcoin-energy-consumption-transaction-comparison-visa/},
  urldate={2024-09-12}
}
@online{eth-timePerBlock,
  title={Ethereum Average Block Time (I:EBT)},
  url={https://ycharts.com/indicators/ethereum_average_block_time},
  urldate={2024-09-12},
  author={YCHARTS}
}
@online{eth-explainerInvestopia,
  title={What Is Ethereum and How Does It Work},
  year={2024},
  url={https://www.investopedia.com/terms/e/ethereum.asp},
  urldate={2024-09-12},
  author={THE INVESTOPEDIA TEAM}
}
@article{eth-buterin2020combining,
  title={Combining GHOST and casper},
  author={Buterin, Vitalik and Hernandez, Diego and Kamphefner, Thor and Pham, Khiem and Qiao, Zhi and Ryan, Danny and Sin, Juhyeok and Wang, Ying and Zhang, Yan X},
  journal={arXiv preprint arXiv:2003.03052},
  year={2020}
}
@article{eth-buterin2013ethereum,
  title={Ethereum white paper},
  author={Buterin, Vitalik and others},
  journal={GitHub repository},
  volume={1},
  pages={22--23},
  year={2013}
}
@online{eth-marketCapitalisation,
  title={Ranking der größten Kryptowährungen nach Marktkapitalisierung im September 2024},
  author={CoinMarketCap},
  url={https://de.statista.com/statistik/daten/studie/296205/umfrage/marktkapitalisierung-digitaler-zahlungsmittel/},
  urldate={2024-09-24}
}
@inproceedings{aes-arman2024modified,
  title={A modified AES based approach for data integrity and data origin authentication},
  author={Arman, Md Sadi and Al Mamun, Shamim and Jannat, Nuray},
  booktitle={2024 3rd International Conference on Advancement in Electrical and Electronic Engineering (ICAEEE)},
  pages={1--6},
  year={2024},
  organization={IEEE}
}
@unpublished{roebert2024unlinkable,
  author = {K. Röbert, A. See, J. Schug, M. Fischer},
  note = {mynote},
  title = {Unlinkable Threshold-Based Authentication and Authorization.},
  year = {2024},
}